% Encoding: UTF-8

@Article{Huang1995,
  author    = {Weiming Huang and Mats Hillert and Xizhen Wang},
  title     = {Thermodynamic assessment of the {$CaO$}-{$MgO$}-{$SiO_2$} system},
  journal   = {Metallurgical and Materials Transactions A},
  year      = {1995},
  volume    = {26},
  number    = {9},
  pages     = {2293--2310},
  month     = {sep},
  doi       = {10.1007/BF02671244},
  publisher = {Springer Science and Business Media {LLC}},
}

@Comment{jabref-meta: databaseType:bibtex;}
